@article{c1,
  author    = {Raul Mur{-}Artal and
               Juan D. Tard{\'{o}}s},
  title     = {{ORB-SLAM2:} an Open-Source {SLAM} System for Monocular, Stereo and
               {RGB-D} Cameras},
  journal   = {CoRR},
  volume    = {abs/1610.06475},
  year      = {2016},
  url       = {http://arxiv.org/abs/1610.06475},
  archivePrefix = {arXiv},
  eprint    = {1610.06475},
  timestamp = {Mon, 13 Aug 2018 16:49:16 +0200},
  biburl    = {https://dblp.org/rec/bib/journals/corr/Mur-ArtalT16a},
  bibsource = {dblp computer science bibliography, https://dblp.org}
}

